<record><leader>00000cas a22000007a 4500</leader><controlfield tag="001">20058651</controlfield><controlfield tag="008">890724c19259999mduwr ne      0    0eng d</controlfield><datafield ind1=" " ind2=" " tag="010"><subfield code="a">sn 89061528 </subfield></datafield><datafield ind1=" " ind2=" " tag="040"><subfield code="a">MFN</subfield><subfield code="b">eng</subfield><subfield code="c">MFN</subfield><subfield code="d">OCLCQ</subfield></datafield><datafield ind1=" " ind2=" " tag="042"><subfield code="a">msc</subfield></datafield><datafield ind1=" " ind2="4" tag="050"><subfield code="a">AN41.681.U6</subfield><subfield code="b">E5</subfield></datafield><datafield ind1="0" ind2=" " tag="130"><subfield code="a">Enquirer-gazette (Upper Marlboro, Md.)</subfield></datafield><datafield ind1="1" ind2="4" tag="245"><subfield code="a">The enquirer-gazette.</subfield></datafield><datafield ind1=" " ind2=" " tag="260"><subfield code="a">Upper Marlboro, Md. :</subfield><subfield code="b">Samuel A. Wyvill</subfield></datafield><datafield ind1=" " ind2=" " tag="300"><subfield code="a">v.</subfield></datafield><datafield ind1=" " ind2=" " tag="310"><subfield code="a">Weekly</subfield></datafield><datafield ind1="0" ind2=" " tag="362"><subfield code="a">Vol. 38, no. 4 (Feb. 6, 1925)-</subfield></datafield><datafield ind1=" " ind2=" " tag="752"><subfield code="a">United States</subfield><subfield code="b">Maryland</subfield><subfield code="c">Prince George's</subfield><subfield code="d">Upper Marlboro.</subfield></datafield><datafield ind1="0" ind2="4" tag="780"><subfield code="t">Marlboro' gazette, and Prince George's advertiser</subfield><subfield code="w">(DLC)sn 83016370</subfield></datafield><datafield ind1="0" ind2="4" tag="780"><subfield code="t">Prince George's enquirer and southern Maryland advertiser</subfield><subfield code="w">(DLC)sn 89060124</subfield></datafield></record>